<?xml version="1.0" encoding="UTF-8"?><collection xmlns="http://www.loc.gov/MARC21/slim"><record><leader>00355nam--2200133-i-4500</leader><controlfield tag="001">000036595</controlfield><controlfield tag="002">20161230</controlfield><controlfield tag="005">20161230201041</controlfield><controlfield tag="008">060222s1000------------r-----000-0-eng-d</controlfield><datafield ind1=" " ind2=" " tag="080"><subfield code="a">54</subfield></datafield><datafield ind1=" " ind2=" " tag="100"><subfield code="a">Plane, Robert A.And Sienko, Michell J</subfield></datafield><datafield ind1=" " ind2=" " tag="245"><subfield code="a">Chemistry: principles and properties</subfield></datafield><datafield ind1=" " ind2=" " tag="260"><subfield code="a">New York, Mcgraw-hill Book Co, 1966, 622p</subfield></datafield><datafield ind1=" " ind2=" " tag="852"><subfield code="a">77601</subfield></datafield></record></collection>